<?xml version="1.0" encoding="UTF-8" ?>
<marc:record xmlns:marc="http://www.loc.gov/MARC21/slim">
<marc:leader>00907cas a2200217   4500</marc:leader>
<marc:controlfield tag="001">152975</marc:controlfield>

<marc:controlfield tag="008">890224s1809                        fre  </marc:controlfield>

<marc:datafield tag="035" ind1=" " ind2=" ">
<marc:subfield code="a">(Sirsi) 152975</marc:subfield>
</marc:datafield>

<marc:datafield tag="041" ind1=" " ind2=" ">
<marc:subfield code="a">fre</marc:subfield>
</marc:datafield>

<marc:datafield tag="100" ind1="1" ind2=" ">
<marc:subfield code="a">La Cépède,</marc:subfield>
<marc:subfield code="c">M. le comte de</marc:subfield>
<marc:subfield code="q">(Bernard Germain Etienne de La Ville sur Illon),</marc:subfield>
<marc:subfield code="d">1756-1825 </marc:subfield>
</marc:datafield>

<marc:datafield tag="245" ind1="1" ind2="0">
<marc:subfield code="a">Histoire naturelle des cétacées. Tom. 1</marc:subfield>
<marc:subfield code="n">Tom. 1.</marc:subfield>
<marc:subfield code="n">Tom. 2 /</marc:subfield>
<marc:subfield code="c">par Lacépe`de </marc:subfield>
</marc:datafield>

<marc:datafield tag="260" ind1=" " ind2=" ">
<marc:subfield code="a">Paris :</marc:subfield>
<marc:subfield code="b">Didot,</marc:subfield>
<marc:subfield code="c">1809 </marc:subfield>
</marc:datafield>

<marc:datafield tag="300" ind1=" " ind2=" ">
<marc:subfield code="a">2 v. (xii, 248, 272 p.) :</marc:subfield>
<marc:subfield code="b">ill. ;</marc:subfield>
<marc:subfield code="c">14 cm. </marc:subfield>
</marc:datafield>

<marc:datafield tag="546" ind1=" " ind2=" ">
<marc:subfield code="a">Text in French. </marc:subfield>
</marc:datafield>

<marc:datafield tag="590" ind1=" " ind2=" ">
<marc:subfield code="a">Dédiée `a: Anne-Caroline Lacépe`de. </marc:subfield>
</marc:datafield>

<marc:datafield tag="592" ind1=" " ind2=" ">
<marc:subfield code="a">Scanned for Darwin Library and BHL. </marc:subfield>
</marc:datafield>

<marc:datafield tag="596" ind1=" " ind2=" ">
<marc:subfield code="a">5 </marc:subfield>
</marc:datafield>

<marc:controlfield tag="001">Catkey 54950 </marc:controlfield>

<marc:datafield tag="590" ind1="1" ind2=" ">
<marc:subfield code="a">Itemid 54950-3001 </marc:subfield>
</marc:datafield>

<marc:datafield tag="999" ind1=" " ind2=" ">
<marc:subfield code="a">RARE BOOKS 17f d L (tom. 1)</marc:subfield>
<marc:subfield code="w">WOODWARD</marc:subfield>
<marc:subfield code="c">1</marc:subfield>
<marc:subfield code="i">54950-3001</marc:subfield>
<marc:subfield code="l">SHELVES</marc:subfield>
<marc:subfield code="m">ZOOLOGY</marc:subfield>
<marc:subfield code="r">Y</marc:subfield>
<marc:subfield code="s">Y</marc:subfield>
<marc:subfield code="t">BOOK</marc:subfield>
<marc:subfield code="u">27/10/2000</marc:subfield>
<marc:subfield code="x">RARE</marc:subfield>
<marc:subfield code="z">DUODECIMO </marc:subfield>
</marc:datafield>

<marc:datafield tag="999" ind1=" " ind2=" ">
<marc:subfield code="a">RARE BOOKS 17f d L (tom. 2)</marc:subfield>
<marc:subfield code="w">WOODWARD</marc:subfield>
<marc:subfield code="c">1</marc:subfield>
<marc:subfield code="i">54950-4001</marc:subfield>
<marc:subfield code="l">SHELVES</marc:subfield>
<marc:subfield code="m">ZOOLOGY</marc:subfield>
<marc:subfield code="r">Y</marc:subfield>
<marc:subfield code="s">Y</marc:subfield>
<marc:subfield code="t">BOOK</marc:subfield>
<marc:subfield code="u">1/4/2010</marc:subfield>
<marc:subfield code="x">MAIN</marc:subfield>
<marc:subfield code="z">DUODECIMO </marc:subfield>
</marc:datafield>

</marc:record>